% This file was created with JabRef 2.10.
% Encoding: ISO8859_1


@Online{bmp058_adafruit,
  Title                    = {Using the BMP085/180 with Raspberry Pi or Beaglebone Black},
  Author                   = {{Adafruit User KEVIN TOWNSEND}},
  Url                      = {https://learn.adafruit.com/using-the-bmp085-with-raspberry-pi?view=all},
  Year                     = {2013},
  Urldate                  = {2014-25-10},

  Owner                    = {lukas},
  Timestamp                = {2014.10.25}
}

@Online{DHT,
  Title                    = {DHT Humidity Sensing on Raspberry Pi or Beaglebone Black with GDocs Logging},
  Author                   = {{Adafruit User LADY ADA}},
  Url                      = {https://learn.adafruit.com/dht-humidity-sensing-on-raspberry-pi-with-gdocs-logging?view=all},
  Year                     = {2013},
  Urldate                  = {2014-25-10},

  Owner                    = {lukas},
  Timestamp                = {2014.10.25}
}

@Online{DHT22,
  Title                    = {Digital-output relative humidity \& temperature sensor/module DHT22},
  Author                   = {{Aosong Electronics Co.,Ltd}},
  Url                      = {https://www.sparkfun.com/datasheets/Sensors/Temperature/DHT22.pdf},
  Year                     = {2011},
  Urldate                  = {2014-08-11},

  Owner                    = {lukas},
  Timestamp                = {2014.11.08}
}

@Online{rasp_bild,
  Title                    = {Rev. 2 des Raspberry Pi Model B - made in UK},
  Author                   = {Philipp Bohk},
  Url                      = {https://commons.wikimedia.org/wiki/File%3aLambdaPlaques.jpg},
  Year                     = {2012},
  Urldate                  = {2014-04-07},

  File                     = {:home/lukas/VWA/figures/raspberry.jpg:JPG image}
}

@Online{BMP085,
  Title                    = {BMP085 Digital pressure Sensor - Data Sheet},
  Author                   = {{Bosch Sensortec}},
  Date                     = {2009-15-10},
  Url                      = {https://www.sparkfun.com/datasheets/Components/General/BST-BMP085-DS000-05.pdf},
  Year                     = {2009},
  Urldate                  = {2014-25-10},

  Owner                    = {lukas},
  Timestamp                = {2014.10.17}
}

@Online{strom,
  Title                    = {RPi Hardware - Power},
  Author                   = {elinux},
  Url                      = {http://elinux.org/index.php?title=RPi_Hardware&oldid=341192#Power},
  Year                     = {2014},
  Urldate                  = {2014-04-07}
}

@Online{1-wire,
  Title                    = {Kategorie:1-Wire - FHEMWiki},
  Author                   = {FHEMWiki},
  Url                      = {http://www.fhemwiki.de/w/index.php?title=Kategorie:1-Wire&oldid=5092#1-Wire},
  Year                     = {2014},
  Urldate                  = {2014-18-10},

  Owner                    = {lukas},
  Timestamp                = {2014.10.18}
}

@Online{temp,
  Title                    = {DS18B20 - Data Sheet},
  Author                   = {Maxim Integrated Products, Inc.},
  Url                      = {http://datasheets.maximintegrated.com/en/ds/DS18B20.pdf},
  Year                     = {2008},
  Urldate                  = {2014-17-10},

  Timestamp                = {2014.10.17}
}

@Online{aboutraspberry,
  Title                    = {The Making of Pi},
  Author                   = {{Raspberry Pi Foundation}},
  Url                      = {http://www.raspberrypi.org/about/},
  Year                     = {2012},
  Organization             = {{Raspberry Pi Foundation}},
  Urldate                  = {2014-04-07}
}

@Online{usb-sensors-linux,
  Title                    = {Install AirSensor on Linux},
  Author                   = {usb-sensors-linux},
  Date                     = {2013-29-04},
  Url                      = {https://code.google.com/p/usb-sensors-linux/wiki/Install_AirSensor_Linux},
  Year                     = {2013},

  Owner                    = {lukas},
  Timestamp                = {2014.11.08}
}

@Online{Velux,
  Title                    = {VELUX Raumluftf\"uhler},
  Author                   = {Velux},
  Url                      = {http://www.velux.de/privatkunden/produkte/integra_system/produkte/produktempfehlung/raumluftfuehler},
  Year                     = {2014},
  Urldate                  = {2014-08-11},

  Owner                    = {lukas},
  Timestamp                = {2014.11.08}
}

@Online{wiki:bus,
  Title                    = {Bus--- Wikipedia{,} Die freie Enzyklopädie},
  Author                   = {Wikipedia},
  Url                      = {http://de.wikipedia.org/w/index.php?title=Bus_(Datenverarbeitung)&oldid=134938136},
  Year                     = {2014},
  Urldate                  = {2014-04-07},

  Owner                    = {lukas},
  Timestamp                = {2014.10.25}
}

@Online{wiki:raspberry,
  Title                    = {Raspberry Pi--- Wikipedia{,} Die freie Enzyklopädie},
  Author                   = {Wikipedia},
  Url                      = {http://de.wikipedia.org/w/index.php?title=Raspberry_Pi&oldid=134104012#Idee},
  Year                     = {2014},
  Urldate                  = {2014-04-07}
}

